@inproceedings{wrench,
    title = {WRENCH: A Framework for Simulating Workflow Management Systems},
    author = {Casanova, Henri and Pandey, Suraj and Oeth, James and Tanaka, Ryan and Suter, Frederic and Ferreira da Silva, Rafael},
    booktitle = {13th Workshop on Workflows in Support of Large-Scale Science (WORKS'18)},
    year = {2018},
    pages = {74--85},
    doi = {10.1109/WORKS.2018.00013}
}

@article{simgrid,
    hal_id = {hal-01017319},
    url = {http://hal.inria.fr/hal-01017319},
    title = {Versatile, Scalable, and Accurate Simulation of Distributed Applications and Platforms},
    author = {Casanova, Henri and Giersch, Arnaud and Legrand, Arnaud and Quinson, Martin and Suter, Fr{\'e}d{\'e}ric},
    publisher = {Elsevier},
    pages = {2899-2917},
    journal = {Journal of Parallel and Distributed Computing},
    volume = {74},
    number = {10},
    year = {2014},
    month = Jun,
    pdf = {http://hal.inria.fr/hal-01017319/PDF/simgrid3-journal.pdf},
}

@INPROCEEDINGS{smpi-courseware, 
    author={H. {Casanova} and A. {Legrand} and M. {Quinson} and F. {Suter}}, 
    booktitle={2018 IEEE/ACM Workshop on Education for High-Performance Computing (EduHPC)}, 
    title={SMPI Courseware: Teaching Distributed-Memory Computing with MPI in Simulation}, 
    year={2018}, 
    volume={}, 
    number={}, 
    pages={21-30}, 
    keywords={computer science education;courseware;educational courses;message passing;parallel processing;teaching;HPC platforms;HPC education;HPC courses;student learning experience;High Performance Computing courses;MPI simulator;distributed-memory computing teaching;MPI programming education;SMPI courseware;Computational modeling;Courseware;Production;Software;Parallel processing;Programming;High-Performance-Computing-Education,-Parallel-Computing-Education,-Message-Passing-Interface,-Simulation}, 
    doi={10.1109/EduHPC.2018.00006}, 
    ISSN={}, 
    month={Nov},
}
